@UNPUBLISHED{brooks2001-silver,
   author = "Oren Patashnik",
   title = "{{\BibTeX}ing}",
   note = "Documentation for general {\BibTeX} users",
   month = "8$^{th}$~" # feb,
   language = "USenglish",
   year = 1988, }
   
   @online{arduino,
   author = {"arduino"},
   year = {2015},
   url = {www.arduino.cc},
   OPTlanguage = {"english"},

   }
   